%% Created using Papers on Mon, 09 Oct 2017.
%% http://papersapp.com/papers/

@article{Hobolth:2007gza,
author = {Hobolth, Asger and Christensen, Ole F and Mailund, Thomas and Schierup, Mikkel H},
title = {{Genomic relationships and speciation times of human, chimpanzee, and gorilla inferred from a coalescent hidden Markov model.}},
journal = {PLoS genetics},
year = {2007},
volume = {3},
number = {2},
pages = {e7},
month = feb
}

@article{Dutheil:2009dta,
author = {Dutheil, Julien Y and Ganapathy, Ganesh and Hobolth, Asger and Mailund, Thomas and Uyenoyama, Marcy K and Schierup, Mikkel H},
title = {{Ancestral population genomics: the coalescent hidden Markov model approach.}},
journal = {Genetics},
year = {2009},
volume = {183},
number = {1},
pages = {259--274},
month = sep
}

@article{Mailund:2011dva,
author = {Mailund, Thomas and Dutheil, Julien Y and Hobolth, Asger and Lunter, Gerton and Schierup, Mikkel H},
title = {{Estimating divergence time and ancestral effective population size of Bornean and Sumatran orangutan subspecies using a coalescent hidden Markov model.}},
journal = {PLoS genetics},
year = {2011},
volume = {7},
number = {3},
pages = {e1001319},
month = mar
}

@article{Hobolth:2011dia,
author = {Hobolth, Asger and Dutheil, Julien Y and Hawks, John and Schierup, Mikkel H and Mailund, Thomas},
title = {{Incomplete lineage sorting patterns among human, chimpanzee, and orangutan suggest recent orangutan speciation and widespread selection.}},
journal = {Genome research},
year = {2011},
volume = {21},
number = {3},
pages = {349--356},
month = mar
}

@article{Mailund:2012ewa,
author = {Mailund, Thomas and Halager, Anders E and Westergaard, Michael and Dutheil, Julien Y and Munch, Kasper and Andersen, Lars N and Lunter, Gerton and Pr{\"u}fer, Kay and Scally, Aylwyn and Hobolth, Asger and Schierup, Mikkel H},
title = {{A new isolation with migration model along complete genomes infers very different divergence processes among closely related great ape species.}},
journal = {PLoS genetics},
year = {2012},
volume = {8},
number = {12},
pages = {e1003125}
}

@article{Miller:2012cxa,
author = {Miller, Webb and Schuster, Stephan C and Welch, Andreanna J and Ratan, Aakrosh and Bedoya-Reina, Oscar C and Zhao, Fangqing and Kim, Hie Lim and Burhans, Richard C and Drautz, Daniela I and Wittekindt, Nicola E and Tomsho, Lynn P and Ibarra-Laclette, Enrique and Herrera-Estrella, Luis and Peacock, Elizabeth and Farley, Sean and Sage, George K and Rode, Karyn and Obbard, Martyn and Montiel, Rafael and Bachmann, Lutz and Ing{\'o}lfsson, Olafur and Aars, Jon and Mailund, Thomas and Wiig, Oystein and Talbot, Sandra L and Lindqvist, Charlotte},
title = {{Polar and brown bear genomes reveal ancient admixture and demographic footprints of past climate change.}},
journal = {Proceedings Of The National Academy Of Sciences Of The United States Of America},
year = {2012},
volume = {109},
number = {36},
pages = {E2382--90},
month = sep
}

@article{PradoMartinez:2013dna,
author = {Prado-Martinez, Javier and Sudmant, Peter H and Kidd, Jeffrey M and Li, Heng and Kelley, Joanna L and Lorente-Galdos, Belen and Veeramah, Krishna R and Woerner, August E and O'Connor, Timothy D and Santpere, Gabriel and Cagan, Alexander and Theunert, Christoph and Casals, Ferran and Laayouni, Hafid and Munch, Kasper and Hobolth, Asger and Halager, Anders E and Malig, Maika and Hernandez-Rodriguez, Jessica and Hernando-Herraez, Irene and Pr{\"u}fer, Kay and Pybus, Marc and Johnstone, Laurel and Lachmann, Michael and Alkan, Can and Twigg, Dorina and Petit, Natalia and Baker, Carl and Hormozdiari, Fereydoun and Fern{\'a}ndez-Callejo, Marcos and Dabad, Marc and Wilson, Michael L and Stevison, Laurie and Camprub{\'\i}, Cristina and Carvalho, Tiago and Ruiz-Herrera, Aurora and Vives, Laura and Mele, Marta and Abello, Teresa and Kondova, Ivanela and Bontrop, Ronald E and Pusey, Anne and Lankester, Felix and Kiyang, John A and Bergl, Richard A and Lonsdorf, Elizabeth and Myers, Simon and Ventura, Mario and Gagneux, Pascal and Comas, David and Siegismund, Hans and Blanc, Julie and Agueda-Calpena, Lidia and Gut, Marta and Fulton, Lucinda and Tishkoff, Sarah A and Mullikin, James C and Wilson, Richard K and Gut, Ivo G and Gonder, Mary Katherine and Ryder, Oliver A and Hahn, Beatrice H and Navarro, Arcadi and Akey, Joshua M and Bertranpetit, Jaume and Reich, David and Mailund, Thomas and Schierup, Mikkel H and Hvilsom, Christina and Andr{\'e}s, Aida M and Wall, Jeffrey D and Bustamante, Carlos D and Hammer, Michael F and Eichler, Evan E and Marqu{\`e}s-Bonet, Tom{\`a}s},
title = {{Great ape genetic diversity and population history.}},
journal = {Nature},
year = {2013},
volume = {499},
number = {7459},
pages = {471--475},
month = jul
}

@article{Sand:2013bia,
author = {Sand, Andreas and Kristiansen, Martin and Pedersen, Christian N S and Mailund, Thomas},
title = {{zipHMMlib: a highly optimised HMM library exploiting repetitions in the input to speed up the forward algorithm.}},
journal = {BMC Bioinformatics},
year = {2013},
volume = {14},
number = {1},
pages = {339},
month = nov
}

@article{Munch:2014cba,
author = {Munch, Kasper and Mailund, Thomas and Dutheil, Julien Y and Schierup, Mikkel Heide},
title = {{A fine-scale recombination map of the human-chimpanzee ancestor reveals faster change in humans than in chimpanzees and a strong impact of GC-biased gene conversion.}},
journal = {Genome research},
year = {2014},
volume = {24},
number = {3},
pages = {467--474},
month = mar
}

@article{Munch:2014cwa,
author = {Munch, Kasper and Schierup, Mikkel H and Mailund, Thomas},
title = {{Unraveling recombination rate evolution using ancestral recombination maps.}},
journal = {BioEssays : news and reviews in molecular, cellular and developmental biology},
year = {2014},
volume = {36},
number = {9},
pages = {892--900},
month = sep
}

@article{Cheng:2015ki,
author = {Cheng, Jade Yu and Mailund, Thomas},
title = {{Ancestral population genomics using coalescence hidden Markov models and heuristic optimisation algorithms.}},
journal = {Computational Biology and Chemistry},
year = {2015},
volume = {57},
pages = {80--92},
month = aug
}

@article{Dutheil:2015kl,
author = {Dutheil, Julien Y and Munch, Kasper and Nam, Kiwoong and Mailund, Thomas and Schierup, Mikkel H},
title = {{Strong Selective Sweeps on the X Chromosome in the Human-Chimpanzee Ancestor Explain Its Low Divergence.}},
journal = {PLoS genetics},
year = {2015},
volume = {11},
number = {8},
pages = {e1005451},
month = aug
}

@article{Munch:2016dn,
author = {Munch, Kasper and Nam, Kiwoong and Schierup, Mikkel Heide and Mailund, Thomas},
title = {{Selective Sweeps across Twenty Millions Years of Primate Evolution.}},
journal = {Molecular Biology and Evolution},
year = {2016},
volume = {33},
number = {12},
pages = {3065--3074},
month = dec
}


@article{Mailund:2014fyb,
author = {Mailund, Thomas and Munch, Kasper and Schierup, Mikkel Heide},
title = {{Lineage sorting in apes.}},
journal = {Annual review of genetics},
year = {2014},
volume = {48},
number = {1},
pages = {519--535}
}

@article{Abascal:2016cy,
author = {Abascal, Federico and Corvelo, Andr{\'e} and Cruz, Fernando and Villanueva-Ca{\~n}as, Jos{\'e} L and Vlasova, Anna and Marcet-Houben, Marina and Mart{\'\i}nez-Cruz, Bego{\~n}a and Cheng, Jade Yu and Prieto, Pablo and Quesada, V{\'\i}ctor and Quilez, Javier and Li, Gang and Garc{\'\i}a, Francisca and Rubio-Camarillo, Miriam and Frias, Leonor and Ribeca, Paolo and Capella-Guti{\'e}rrez, Salvador and Rodr{\'\i}guez, Jos{\'e} M and C{\^a}mara, Francisco and Lowy, Ernesto and Cozzuto, Luca and Erb, Ionas and Tress, Michael L and Rodriguez-Ales, Jose L and Ruiz-Orera, Jorge and Reverter, Ferran and Casas-Marce, Mireia and Soriano, Laura and Arango, Javier R and Derdak, Sophia and Gal{\'a}n, Beatriz and Blanc, Julie and Gut, Marta and Lorente-Galdos, Belen and Andr{\'e}s-Nieto, Marta and L{\'o}pez-Ot{\'\i}n, Carlos and Valencia, Alfonso and Gut, Ivo and Garc{\'\i}a, Jos{\'e} L and Guig{\'o}, Roderic and Murphy, William J and Ruiz-Herrera, Aurora and Marqu{\`e}s-Bonet, Tom{\`a}s and Roma, Guglielmo and Notredame, Cedric and Mailund, Thomas and Alb{\`a}, M Mar and Gabald{\'o}n, Toni and Alioto, Tyler and Godoy, Jos{\'e} A},
title = {{Extreme genomic erosion after recurrent demographic bottlenecks in the highly endangered Iberian lynx.}},
journal = {Genome Biology},
year = {2016},
volume = {17},
number = {1},
pages = {251},
month = dec
}

